<collection xmlns="http://www.loc.gov/MARC21/slim"><record><leader>00883nam  2200253   450</leader><controlfield tag="001">931</controlfield><controlfield tag="003">http://montalegre.opacnet.com/OPAC/default.aspx?ContentAreaControl=ShowRegHoldings.ascx&amp;RegNo=16662</controlfield><datafield tag="095" ind1=" " ind2=" "><subfield code="a">PTBN00040513</subfield></datafield><datafield tag="100" ind1=" " ind2=" "><subfield code="a">19870105d1986    k  y0pora010305  ba</subfield></datafield><datafield tag="101" ind1="1" ind2=" "><subfield code="a">por</subfield><subfield code="c">fre</subfield></datafield><datafield tag="102" ind1=" " ind2=" "><subfield code="a">PT</subfield></datafield><datafield tag="200" ind1="1" ind2=" "><subfield code="a">Contos negros para os filhos dos brancos</subfield><subfield code="f">Blaise Cendrars</subfield><subfield code="g">il. Jacqueline Duhême</subfield><subfield code="g">trad. Teresa Meneses</subfield></datafield><datafield tag="210" ind1=" " ind2=" "><subfield code="a">Lisboa</subfield><subfield code="c">Teorema</subfield><subfield code="d">imp. 1986</subfield></datafield><datafield tag="215" ind1=" " ind2=" "><subfield code="a">91 p.</subfield><subfield code="c">il.</subfield><subfield code="d">19 cm</subfield></datafield><datafield tag="225" ind1="2" ind2=" "><subfield code="a">Sésamo</subfield><subfield code="v">5</subfield></datafield><datafield tag="304" ind1=" " ind2=" "><subfield code="a">Tít. orig. Petits contes négres pour les enfants des blancs</subfield></datafield><datafield tag="675" ind1=" " ind2=" "><subfield code="a">087.5</subfield><subfield code="z">por</subfield></datafield><datafield tag="675" ind1=" " ind2=" "><subfield code="z">por</subfield></datafield><datafield tag="700" ind1=" " ind2="1"><subfield code="a">Cendrars</subfield><subfield code="b">Blaise</subfield><subfield code="c">pseud.</subfield></datafield><datafield tag="702" ind1=" " ind2="1"><subfield code="a">Duhême</subfield><subfield code="b">Jacqueline</subfield><subfield code="4">440</subfield></datafield><datafield tag="702" ind1=" " ind2="1"><subfield code="a">Meneses</subfield><subfield code="b">Teresa</subfield><subfield code="4">730</subfield></datafield><datafield tag="801" ind1=" " ind2="0"><subfield code="a">PT</subfield><subfield code="b">Biblioteca Municipal de Montalegre</subfield><subfield code="g">RPC</subfield></datafield><datafield tag="856" ind1=" " ind2=" "><subfield code="u">locateMedia.asp?cod=20060630112116&amp;ext=jpg</subfield><subfield code="z">CAPA</subfield></datafield><datafield tag="909" ind1="&#9;" ind2=" "><subfield code="a">2</subfield></datafield><datafield tag="966" ind1=" " ind2=" "><subfield code="a">0002107</subfield><subfield code="l">BMM</subfield><subfield code="s">SJ 087.5 CEN con 5</subfield></datafield><datafield tag="966" ind1=" " ind2=" "><subfield code="a">0002106</subfield><subfield code="l">BMM</subfield><subfield code="s">SJ 087.5 CEN con 5</subfield></datafield></record></collection>